@inproceedings{ot,
    author = {Naor, Moni and Pinkas, Benny},
    title = {Oblivious transfer and polynomial evaluation},
    booktitle = {STOC '99: Proceedings of the thirty-first annual ACM symposium on Theory of computing},
    year = {1999},
    isbn = {1-58113-067-8},
    pages = {245--254},
    location = {Atlanta, Georgia, United States},
    doi = {http://doi.acm.org/10.1145/301250.301312},
    publisher = {ACM},
    address = {New York, NY, USA},
}

@INPROCEEDINGS{privateid3,
    author = {Yehuda Lindell Department and Yehuda Lindell and Benny Pinkas},
    title = {Privacy Preserving Data Mining},
    booktitle = {Journal of Cryptology},
    year = {2000},
    pages = {36--54},
    publisher = {Springer-Verlag}
}

@article{constructrandom,
    author = {Goldreich, Oded and Goldwasser, Shafi and Micali, Silvio},
    title = {How to construct random functions},
    journal = {J. ACM},
    volume = {33},
    number = {4},
    year = {1986},
    issn = {0004-5411},
    pages = {792--807},
    doi = {http://doi.acm.org/10.1145/6490.6503},
    publisher = {ACM},
    address = {New York, NY, USA},
}

@misc{yaoprotocol,
    author = "Y. Lindell and B. Pinkas",
    title = "A proof of yao's protocol for secure two-party computation",
    text = "Yehuda Lindell and Benny Pinkas. A proof of yao's protocol for secure two-party
        computation. Cryptology ePrint Archive, Report 2004/175, 2004. http://eprint.iacr.org/.",
    year = "2004",
    url = "citeseer.ist.psu.edu/lindell04proof.html" }
